<?xml version='1.0' encoding='UTF-8'?>
<record xmlns="http://www.loc.gov/MARC21/slim">
  <leader>02778cam a2200421 a 4500</leader>
  <controlfield tag="001">2701938</controlfield>
  <controlfield tag="003">NjP</controlfield>
  <controlfield tag="005">20171002165634.0</controlfield>
  <controlfield tag="008">000121q18001899mr            000 0 ara d</controlfield>
  <datafield tag="024" ind1="7" ind2=" ">
    <subfield code="a">princeton_aco002428</subfield>
    <subfield code="2">local</subfield>
  </datafield>
  <datafield ind1=" " ind2=" " tag="035">
    <subfield code="a">(OCoLC)ocn178305583</subfield>
  </datafield>
  <datafield ind1=" " ind2=" " tag="035">
    <subfield code="a">(OCoLC)178305583</subfield>
  </datafield>
  <datafield ind1=" " ind2=" " tag="035">
    <subfield code="9">CMW5264TS</subfield>
  </datafield>
  <datafield ind1=" " ind2=" " tag="035">
    <subfield code="a">(NjP)2701938</subfield>
  </datafield>
  <datafield ind1=" " ind2=" " tag="040">
    <subfield code="a">NjP</subfield>
    <subfield code="c">PUL</subfield>
    <subfield code="d">PUL</subfield>
  </datafield>
  <datafield ind1=" " ind2=" " tag="049">
    <subfield code="a">PULL</subfield>
  </datafield>
  <datafield ind1=" " ind2=" " tag="079">
    <subfield code="a">ocm79919778</subfield>
  </datafield>
  <datafield ind1="1" ind2=" " tag="100">
    <subfield code="6">880-01</subfield>
    <subfield code="a">Maghīlī, Muḥammad ibn ʻAbd al-Karīm,</subfield>
    <subfield code="d">d. 1503 or 4.</subfield>
    <subfield code="0">http://id.loc.gov/authorities/names/n85142428</subfield>
  </datafield>
  <datafield ind1="1" ind2="0" tag="240">
    <subfield code="6">880-02</subfield>
    <subfield code="a">Taqyīd nafīs fīmā yajibu ʻalá al-Muslimīn min ijtināb al-kuffār</subfield>
  </datafield>
  <datafield ind1="1" ind2="0" tag="245">
    <subfield code="6">880-03</subfield>
    <subfield code="a">Hādhā Taqyīd nafīs fīmā yajibu ʻalá al-Muslimīn min ijtināb al-kuffār wa-mā yalzamu ahl al-dhimmah min al-jizyah wa-al-ṣighār wa-mā ʻalayhi yahūdu al-zamān min al-jurʼah wa-al-ṭughyān /</subfield>
    <subfield code="c">lil-Shaykh Abī ʻAbd Allāh Muḥammad ibn ʻAbd al-Karīm al-Maghīlī al-Tilimsānī.</subfield>
  </datafield>
  <datafield ind1="3" ind2="0" tag="246">
    <subfield code="6">880-04</subfield>
    <subfield code="a">Taqyīd nafīs fīmā yajibu ʻalá al-Muslimīn min ijtināb al-kuffār wa-mā yalzamu ahl al-dhimmah min al-jizyah wa-al-ṣighār ...</subfield>
  </datafield>
  <datafield ind1=" " ind2=" " tag="260">
    <subfield code="6">880-05</subfield>
    <subfield code="a">[Morocco? :</subfield>
    <subfield code="b">s.n.,</subfield>
    <subfield code="c">18--?]</subfield>
  </datafield>
  <datafield ind1=" " ind2=" " tag="300">
    <subfield code="a">8, 8 p. ;</subfield>
    <subfield code="c">22 cm.</subfield>
  </datafield>
  <datafield ind1=" " ind2=" " tag="590">
    <subfield code="a">Firestone copy 2271.5066.897 1899 bound with: Ḥāshiyah ʻalá Sharḥ al-Ḥaṭṭāb ʻalá Waraqāt. [Morocco : s.n.], 1317 [1899 or 1900]. Bound together subsequent to publication</subfield>
  </datafield>
  <datafield ind1=" " ind2=" " tag="500">
    <subfield code="a">Caption title.</subfield>
  </datafield>
  <datafield ind1=" " ind2="0" tag="650">
    <subfield code="a">Dhimmis (Islamic law)</subfield>
    <subfield code="0">http://id.loc.gov/authorities/subjects/sh85037446</subfield>
  </datafield>
  <datafield ind1=" " ind2="0" tag="650">
    <subfield code="a">Minorities (Islamic law)</subfield>
    <subfield code="0">http://id.loc.gov/authorities/subjects/sh90002210</subfield>
  </datafield>
  <datafield ind1=" " ind2="7" tag="655">
    <subfield code="a">Lithographs</subfield>
    <subfield code="z">Morocco</subfield>
    <subfield code="2">gmgpc</subfield>
  </datafield>
  <datafield ind1="1" ind2=" " tag="880">
    <subfield code="6">100-01/r</subfield>
    <subfield code="a">مغيلي، محمد بن عبد الكريم،</subfield>
    <subfield code="d">d. 1503 or 4.</subfield>
  </datafield>
  <datafield ind1="1" ind2="0" tag="880">
    <subfield code="6">240-02/r</subfield>
    <subfield code="a">تقييد نفيس فيما يجب على المسلمين من اجتناب الكفار</subfield>
  </datafield>
  <datafield ind1="1" ind2="0" tag="880">
    <subfield code="6">245-03/r</subfield>
    <subfield code="a">هذا تقييد نفيس فيما يجب على المسلمين من اجتناب الكفار وما يلزم اهل الذمة من الجزية والصغار وما عليه يهود الزمان من الجرأة والطغيان /</subfield>
    <subfield code="c">للشيخ ابي عبد الله محمد بن عبد الكريم المغيلي التلمساني.</subfield>
  </datafield>
  <datafield ind1="3" ind2="0" tag="880">
    <subfield code="6">246-04/r</subfield>
    <subfield code="a">تقييد نفيس فيما يجب على المسلمين من اجتناب الكفار وما يلزم اهل الذمة من الجزية والصغار ...</subfield>
  </datafield>
  <datafield ind1=" " ind2=" " tag="880">
    <subfield code="6">260-05/r</subfield>
    <subfield code="a">[مغرب؟ :</subfield>
    <subfield code="b">s.n.،</subfield>
    <subfield code="c">18؟]</subfield>
  </datafield>
  <datafield ind1=" " ind2=" " tag="948">
    <subfield code="a">jeb</subfield>
  </datafield>
  <datafield ind1=" " ind2=" " tag="911">
    <subfield code="a">20000121</subfield>
  </datafield>
  <datafield ind1=" " ind2=" " tag="912">
    <subfield code="a">20000308053038.0</subfield>
  </datafield>
  <datafield ind1=" " ind2=" " tag="994">
    <subfield code="a">C0</subfield>
    <subfield code="b">PUL</subfield>
  </datafield>
  <datafield ind1=" " ind2=" " tag="999">
    <subfield code="a">2701938</subfield>
  </datafield>
  <datafield ind1="0" ind2="0" tag="852">
    <subfield code="0">3011628</subfield>
    <subfield code="b">nec</subfield>
    <subfield code="t">1</subfield>
    <subfield code="h">DS36.9.D47</subfield>
    <subfield code="i">M344 1800z</subfield>
  </datafield>
  <datafield ind1="0" ind2="0" tag="852">
    <subfield code="0">3156069</subfield>
    <subfield code="b">rcppa</subfield>
    <subfield code="t">1</subfield>
    <subfield code="h">KBP529.6</subfield>
    <subfield code="i">.M333 1800z</subfield>
    <subfield code="x">tr fr nec</subfield>
  </datafield>
  <datafield ind1=" " ind2=" " tag="959">
    <subfield code="a">2000-06-13 00:00:00 -0400</subfield>
  </datafield>
</record>
